@misc{Creative_Commons, url={https://creativecommons.org/licenses/}, journal={Creative Commons}} 

@misc{Open_Source_Initiative_2023, url={https://opensource.org/license/mit/}, journal={Open Source Initiative}, year={2023}, month={Jun}}

@misc{Git, url={https://git-scm.com/}, journal={Git}} 

@misc{GitHub, url={https://github.com/}, journal={GitHub}}

@misc{3.10_Documentation, url={https://docs.python.org/3.10/}, journal={3.10 Documentation}}

@misc{librosa, url={https://librosa.org/doc/latest/index.html}, journal={librosa}}

@misc{TensorFlow, url={https://www.tensorflow.org/guide?hl=es-419}, journal={TensorFlow}}

@misc{scikit, url={https://scikit-learn.org/stable/user_guide.html}, journal={scikit}}

@misc{Flask, url={https://flask.palletsprojects.com/en/2.3.x/}, journal={Welcome to Flask - Flask Documentation (2.3.x)}} 

@inproceedings{fma_dataset,
  title = {{FMA}: A Dataset for Music Analysis},
  author = {Defferrard, Micha\"el and Benzi, Kirell and Vandergheynst, Pierre and Bresson, Xavier},
  booktitle = {18th International Society for Music Information Retrieval Conference (ISMIR)},
  year = {2017},
  archiveprefix = {arXiv},
  eprint = {1612.01840},
  url = {https://arxiv.org/abs/1612.01840},
}

@misc{matplotlib, url={https://matplotlib.org/stable/users/index.html}, journal={Users guide - Matplotlib 3.7.1 documentation}}

@misc{Blog_2018, title={Requerimientos Funcionales y no funcionales, ejemplos y tips}, url={https://medium.com/@requeridosblog/requerimientos-funcionales-y-no-funcionales-ejemplos-y-tips-aa31cb59b22a}, journal={Medium}, publisher={Medium}, author={Blog, Requeridos}, year={2018}, month={Nov}} 

@misc{CSV_documentation, url={https://docs.python.org/3/library/csv.html}, journal={Python documentation}} 

@misc{MP3, title={Understanding the MP3 format}, url={https://www.crutchfield.com/S-6bObTNjHeb6/learn/mp3-format-explained.html}, journal={Crutchfield}, author={Ralph Graves}} 

@misc{Selvaraj_2023, title={Python pickle tutorial: Object serialization}, url={https://www.datacamp.com/tutorial/pickle-python-tutorial}, journal={DataCamp}, publisher={DataCamp}, author={Selvaraj, Natassha}, year={2023}, month={Feb}} 

@misc{Blancarte, title={Arquitectura en capas}, url={https://reactiveprogramming.io/blog/es/estilos-arquitectonicos/capas}, journal={Reactive programming}, author={Blancarte, Oscar}} 

@misc{HTML_tutorial, url={https://www.w3schools.com/html/default.asp}, journal={HTML tutorial}} 

@misc{MozDevNet, title={HTML: Lenguaje de etiquetas de hipertexto}, url={https://developer.mozilla.org/es/docs/Web/HTML}, journal={MDN}, author={MozDevNet}} 

@misc{Microsoft_2021, title={Documentation for visual studio code}, url={https://code.visualstudio.com/docs}, journal={RSS}, publisher={Microsoft}, author={Microsoft}, year={2021}, month={Nov}} 

@misc{Kcpitt, title={Azure documentation}, url={https://learn.microsoft.com/en-us/azure/?product=popular}, journal={Microsoft Learn}, author={Kcpitt}} 

@misc{AWS, title={Amazon Web Services (AWS)}, url={https://aws.amazon.com/}, journal={Cloud computing services - amazon web services (AWS)}} 

@misc{win11, title={Windows 11 Home}, url={https://www.microsoft.com/es-es/d/windows-11-home/dg7gmgf0krt0?rtc=1}, journal={Microsoft Store}} 

@misc{Jupyter, title={Jupyter Documentation}, url={https://docs.jupyter.org/en/latest/}, journal={Project Jupyter Documentation - Jupyter Documentation 4.1.1 alpha documentation}} 

@misc{Flaticon, url={https://www.flaticon.es/}, journal={Flaticon}} 

@misc{Google_Fonts, url={https://fonts.google.com/specimen/Poppins}, journal={Google Fonts}, publisher={Google}} 